@article{sun2018big,
  title={Big data analytics services for enhancing business intelligence},
  author={Sun, Zhaohao and Sun, Lizhe and Strang, Kenneth},
  journal={Journal of Computer Information Systems},
  volume={58},
  number={2},
  pages={162--169}
  publisher={Taylor \& Francis}
}

@article{ghani2019social,
  title={Social media big data analytics: A survey},
  author={Ghani, Norjihan Abdul and Hamid, Suraya and Hashem, Ibrahim Abaker Targio and Ahmed, Ejaz},
  journal={Computers in Human Behavior},
  volume={101},
  pages={417--428}
  publisher={Elsevier}
}

@book{kulkarni2020big,
  title={Big Data Analytics in Healthcare},
  author={Kulkarni, Anand J and Siarry, Patrick and Singh, Pramod Kumar and Abraham, Ajith and Zhang, Mengjie and Zomaya, Albert and Baki, Fazle}
  publisher={Springer}
}

@article{nelson1988approximate,
  title={Approximate analysis of fork/join synchronization in parallel queues},
  author={Nelson, Randolph and Tantawi, Asser N},
  journal={IEEE transactions on computers},
  volume={37},
  number={6},
  pages={739--743}
  publisher={IEEE}
}

@ARTICLE{mak, 
author={V. W. {Mak} and S. F. {Lundstrom}}, 
journal={IEEE Transactions on Parallel and Distributed Systems}, 
title={Predicting performance of parallel computations}
volume={1}, 
number={3}, 
pages={257-270}, 
doi={10.1109/71.80155}, 
ISSN={2161-9883}}

@inproceedings{ardagna1,
  title={Performance prediction of cloud-based big data applications},
  author={Ardagna, Danilo and Barbierato, Enrico and Evangelinou, Athanasia and Gianniti, Eugenio and Gribaudo, Marco and Pinto, T{\'u}lio BM and Guimar{\~a}es, Anna and Couto da Silva, Ana Paula and Almeida, Jussara M},
  booktitle={ICPE 2018}
}

@article{liang2000performance,
  title={On performance prediction of parallel computations with precedent constraints},
  author={Liang, De-Ron and Tripathi, Satish K},
  journal={IEEE Transactions on Parallel and Distributed Systems},
  volume={11},
  number={5},
  pages={491--508},
  publisher={IEEE}
}

@article{bertoli2009jmt,
  title={JMT: performance engineering tools for system modeling},
  author={Bertoli, Marco and Casale, Giuliano and Serazzi, Giuseppe},
  journal={ACM SIGMETRICS Performance Evaluation Review},
  volume={36},
  number={4},
  pages={10--15}
  publisher={ACM New York, NY, USA}
}


@article {Hirschberg261,
	author = {Hirschberg, Julia and Manning, Christopher D.},
	title = {Advances in natural language processing},
	volume = {349},
	number = {6245},
	pages = {261--266}
	doi = {10.1126/science.aaa8685},
	publisher = {American Association for the Advancement of Science},
	issn = {0036-8075},
	journal = {Science}
}


@article{MUSTAFA20183767,
title = "A Machine Learning Approach for Predicting Execution Time of Spark Jobs",
journal = "Alexandria Engineering Journal",
volume = "57",
number = "4",
pages = "3767 - 3778"
issn = "1110-0168",
doi = "https://doi.org/10.1016/j.aej.2018.03.006",
author = "Sara Mustafa and Iman Elghandour and Mohamed A. Ismail",
keywords = "Spark, Execution Time Prediction, Machine Learning"}

@INPROCEEDINGS{ARDAGNA2019, 
author={A. {Maros} and F. {Murai} and A. P. {Couto da Silva} and J. {M. Almeida} and M. {Lattuada} and E. {Gianniti} and M. {Hosseini} and D. {Ardagna}}, 
booktitle={2019 IEEE CLOUD}, 
title={Machine Learning for Performance Prediction of Spark Cloud Applications}, 
volume={}, 
number={},
}



@inproceedings {ernest,
author = {Shivaram Venkataraman and Zongheng Yang and Michael Franklin and Benjamin Recht and Ion Stoica},
title = {Ernest: Efficient Performance Prediction for Large-Scale Advanced Analytics},
booktitle = {13th {NSDI}},
year = {2016},
isbn = {978-1-931971-29-4}
}

@article{ScQL,
  title={Metadata management for scientific databases},
  author={Pinoli, Pietro and Ceri, Stefano and Martinenghi, Davide and Nanni, Luca},
  journal={Information Systems},
  volume={81},
  pages={1--20}
  publisher={Elsevier}
}

@article{pan2017hemingway,
  title={Hemingway: modeling distributed optimization algorithms},
  author={Pan, Xinghao and Venkataraman, Shivaram and Tai, Zizheng and Gonzalez, Joseph},
  journal={arXiv preprint arXiv:1702.05865}
}

@inproceedings{alipourfard2017cherrypick,
  title={Cherrypick: Adaptively unearthing the best cloud configurations for big data analytics},
  author={Alipourfard, Omid and Liu, Hongqiang Harry and Chen, Jianshu and Venkataraman, Shivaram and Yu, Minlan and Zhang, Ming},
  year="2017",
  booktitle={14th NSDI}
}

@article{warr2012scientific,
  title={Scientific workflow systems: Pipeline Pilot and KNIME},
  author={Warr, Wendy A},
  journal={Journal of computer-aided molecular design},
  volume={26},
  number={7},
  pages={801--804},
  publisher={Springer}
}

@misc{warr2012workflow,
  title={Workflow and pipelining in cheminformatics},
  author={Warr, WA},
  year={2012},
  publisher={Accessed}
}

@article{shon2008scientific,
  title={Scientific workflows as productivity tools for drug discovery.},
  author={Shon, John and Ohkawa, Hitomi and Hammer, Juergen},
  journal={Current opinion in drug discovery \& development},
  volume={11},
  number={3},
  pages={381--388}
}

@inproceedings{haas1995sampling,
  title={Sampling-based estimation of the number of distinct values of an attribute},
  author={Haas, Peter J and Naughton, Jeffrey F and Seshadri, S and Stokes, Lynne},
  booktitle={VLDB},
  volume={95},
  pages={311--322},
  year={1995}
}

@inproceedings{pietri2014performance,
  title={A performance model to estimate execution time of scientific workflows on the cloud},
  author={Pietri, Ilia and Juve, Gideon and Deelman, Ewa and Sakellariou, Rizos},
  booktitle={2014 9th Workshop on Workflows in Support of Large-Scale Science},
  pages={11--19},
  year={2014},
  organization={IEEE}
}

@article{gounaris2017dynamic,
  title={Dynamic configuration of partitioning in spark applications},
  author={Gounaris, Anastasios and Kougka, Georgia and Tous, Ruben and Montes, Carlos Tripiana and Torres, Jordi},
  journal={IEEE Transactions on Parallel and Distributed Systems},
  volume={28},
  number={7},
  pages={1891--1904},
  publisher={IEEE}
}

@inproceedings{gao2017autopath,
  title={AutoPath: harnessing parallel execution paths for efficient resource allocation in multi-stage big data frameworks},
  author={Gao, Han and Yang, Zhengyu and Bhimani, Janki and Wang, Teng and Wang, Jiayin and Sheng, Bo and Mi, Ningfang},
  booktitle={26th ICCCN)},
  year={2017},
  organization={IEEE}
}

@article{hartmanis1982computers,
  title={Computers and intractability: a guide to the theory of NP-completeness (michael r. garey and david s. johnson)},
  author={Hartmanis, Juris},
  journal={Siam Review},
  volume={24},
  number={1},
  pages={90},
  publisher={Society for Industrial and Applied Mathematics}
}

@article{fernandez1973bounds,
  title={Bounds on the number of processors and time for multiprocessor optimal schedules},
  author={Fernandez, Eduardo B and Bussell, Bertram},
  journal={IEEE Transactions on Computers},
  volume={100},
  number={8},
  pages={745--751},
  year={1973},
  publisher={IEEE}
}

@article{al1990lower,
  title={Lower bound on the number of processors and time for scheduling precedence graphs with communication costs},
  author={Al-Mouhamed, Mayez A.},
  journal={IEEE Transactions on Software Engineering},
  volume={16},
  number={12},
  pages={1390--1401},
  year={1990},
  publisher={IEEE}
}

@article{jain1994lower,
  title={Lower and upper bounds on time for multiprocessor optimal schedules},
  author={Jain, K Kumar and Rajaraman, V},
  journal={IEEE Transactions on Parallel and Distributed Systems},
  volume={5},
  number={8},
  pages={879--886},
  year={1994},
  publisher={IEEE}
}

@inproceedings{hu1994improved,
  title={Improved lower bounds for the scheduling optimization problem},
  author={Hu, Yuan and Carlson, Bradley S},
  booktitle={ISCAS'94},
  volume={1},
  pages={295--298},
  year={1994},
  organization={IEEE}
}

@book{bishop2006pattern,
  title={Pattern recognition and machine learning},
  author={Bishop, Christopher M},
  year={2006},
  publisher={springer}
}

@inproceedings{li2015sparkbench,
  title={Sparkbench: a comprehensive benchmarking suite for in memory data analytic platform spark},
  author={Li, Min and Tan, Jian and Wang, Yandong and Zhang, Li and Salapura, Valentina},
  booktitle={Proceedings of the 12th ACM international conference on computing frontiers},
  pages={1--8},
  year={2015}
}


@article{lordan2014servicess,
  title={Servicess: An interoperable programming framework for the cloud},
  author={Lordan, Francesc and Tejedor, Enric and Ejarque, Jorge and Rafanell, Roger and {\'A}lvarez, Javier and Marozzo, Fabrizio and Lezzi, Daniele and Sirvent, Ra{\"u}l and Talia, Domenico and Badia, Rosa M},
  journal={Journal of grid computing},
  volume={12},
  number={1},
  pages={67--91},
  year={2014},
  publisher={Springer}
}

@misc{atkinson2017scientific,
  title={Scientific workflows: Past, present and future},
  author={Atkinson, Malcolm and Gesing, Sandra and Montagnat, Johan and Taylor, Ian},
  year={2017},
  publisher={Elsevier}
}

@article{gmql,
  title={GenoMetric Query Language: a novel approach to large-scale genomic data management},
  author={Masseroli, Marco and Pinoli, Pietro and Venco, Francesco and Kaitoua, Abdulrahman and Jalili, Vahid and Palluzzi, Fernando and Muller, Heiko and Ceri, Stefano},
  journal={Bioinformatics},
  volume={31},
  number={12},
  pages={1881--1888},
  year={2015},
  publisher={Oxford University Press}
}

@article{binning,
  title={Optimal binning for genomics},
  author={Gulino, Andrea and Kaitoua, Abdulrahman and Ceri, Stefano},
  journal={IEEE Transactions on Computers},
  volume={68},
  number={1},
  pages={125--138},
  year={2018},
  publisher={IEEE}
}

@article{pham2017predicting,
  title={Predicting workflow task execution time in the cloud using a two-stage machine learning approach},
  author={Pham, Thanh Phuong and Durillo, Juan J and Fahringer, Thomas},
  journal={IEEE Transactions on Cloud Computing},
  year={2017},
  publisher={IEEE}
}

@article{lundstrom2004,
author = {V.W. Mak and S.F. Lundstrom},
title = {Predicting Performance of Parallel Computations},
journal = {IEEE Trans. on Parallel \& Distributed Systems},
volume = {1},
number = {undefined},
issn = {1045-9219},
year = {1990},
pages = {257-270},
doi = {doi.ieeecomputersociety.org/10.1109/71.80155},
publisher = {IEEE Computer Society},
address = {Los Alamitos, CA, USA}
}


 @inproceedings{Verma2011,
   author = {Verma, Abhishek and Cherkasova, Ludmila and Campbell, Roy H.},
   booktitle = {ICAC 2011},
   keywords = {mapreduce,modeling,resource allocation},
   title = {{ARIA: Automatic Resource Inference and Allocation for MapReduce Environments}}
    }
    
  @incollection{kousalya2017workflow,
  title={Workflow scheduling algorithms and approaches},
  author={Kousalya, G and Balakrishnan, P and Raj, C Pethuru},
  booktitle={Automated Workflow Scheduling in Self-Adaptive Clouds},
  pages={65--83},
  year={2017}
}

@Article{Vianna2013,
   author="Vianna, Emanuel
   and Comarela, Giovanni
   and Pontes, Tatiana
   and Almeida, Jussara
   and Almeida, Virg{\'i}lio
   and Wilkinson, Kevin
   and Kuno, Harumi
   and Dayal, Umeshwar",
   title="Analytical Performance Models for MapReduce Workloads",
   journal="International Journal of Parallel Programming",
   year="2013",
   volume="41",
   number="4",
   pages="495--525",
   issn="1573-7640",
   doi="10.1007/s10766-012-0227-4"
   }


@article{da2015online,
  title={Online task resource consumption prediction for scientific workflows},
  author={Da Silva, Rafael Ferreira and Juve, Gideon and Rynge, Mats and Deelman, Ewa and Livny, Miron},
  journal={Parallel Processing Letters},
  volume={25},
  number={03},
  pages={1541003},
  year={2015},
  publisher={World Scientific}
}

@inproceedings{hilman2018task,
  title={Task runtime prediction in scientific workflows using an online incremental learning approach},
  author={Hilman, Muhammad Hafizhuddin and Rodriguez, Maria Alejandra and Buyya, Rajkumar},
  booktitle={IEEE/ACM UCC},
  year={2018}
}
@article{kudo2000comparison,
  title={Comparison of algorithms that select features for pattern classifiers},
  author={Kudo, Mineichi and Sklansky, Jack},
  journal={Pattern recognition},
  volume={33},
  number={1},
  pages={25--41},
  year={2000},
  publisher={Elsevier}
}

@inproceedings{monotasks,
  title={Monotasks: Architecting for performance clarity in data analytics frameworks},
  author={Ousterhout, Kay and Canel, Christopher and Ratnasamy, Sylvia and Shenker, Scott},
  booktitle={SOSP 2017}
}